<?xml version = "1.0" encoding = "UTF-8"?>
<x_server_response metalib_version="4.3.1 (602)">
<present_response>
<record xmlns="http://www.loc.gov/MARC21/slim"
xmlns:xsi="http://www.w3.org/2001/XMLSchema-instance"
xsi:schemaLocation="http://www.loc.gov/MARC21/slim
http://www.loc.gov/standards/marcxml/schema/MARC21slim.xsd">
<controlfield tag="001">pap-24-4-697</controlfield>
<datafield tag="245" ind1="1" ind2="0">
<subfield code="a">Sexual fantasies, sexual functioning, and hysteria among women: A test of Freud's (1905) hypothesis.</subfield>
</datafield>
<datafield tag="502" ind1=" " ind2=" ">
<subfield code="a"> American Psychological Association. 2007.</subfield>
</datafield>
<datafield tag="503" ind1=" " ind2=" ">
<subfield code="a">Personality Diagnostic Questionnaire</subfield>
</datafield>
<datafield tag="503" ind1=" " ind2=" ">
<subfield code="a">Sexual Fantasy Questionnaire</subfield>
</datafield>
<datafield tag="503" ind1=" " ind2=" ">
<subfield code="a">Sexual History Form</subfield>
</datafield>
<datafield tag="516" ind1=" " ind2=" ">
<subfield code="a">Electronic</subfield>
<subfield code="b">Electronic; Print</subfield>
</datafield>
<datafield tag="520" ind1=" " ind2=" ">
<subfield code="a">In Three essays on the theory of sexuality, Freud (1986) wrote of a relationship between hysteria and sexuality and commented that hysteria was precipitated by the onset of a real sexual situation. Here, the scores on a measure of hysteria and sexual fantasies of student women who were (n=93) and were not (n=26) intercourse active were compared. Women who were intercourse active had higher scores on the PDQ4+ Histrionic scale (Hyler, 1994), p&lt;.0001, and higher scores on Wilson's Total Sexual Fantasies (Wilson, 1988), p&lt;.0001. In contrast, the PDQ4+ Obsessiveness scale (Hyler, 1994) scores of women in the 2 groups did not differ, p=.65. The results provide empirical support for a relationship between hysteria and sexuality. (PsycINFO Database Record (c) 2009 APA, all rights reserved)</subfield>
<subfield code="b">from the journal abstract</subfield>
</datafield>
<datafield tag="521" ind1=" " ind2=" ">
<subfield code="a">Adulthood (18 yrs &amp; older)</subfield>
<subfield code="b">300</subfield>
</datafield>
<datafield tag="546" ind1=" " ind2=" ">
<subfield code="a">English</subfield>
</datafield>
<datafield tag="260" ind1=" " ind2=" ">
<subfield code="a">US</subfield>
<subfield code="b">Educational Publishing Foundation</subfield>
</datafield>
<datafield tag="024" ind1=" " ind2=" ">
<subfield code="a">10.1037/0736-9735.24.4.697</subfield>
</datafield>
<controlfield tag="LDR">^^^^^naa^^2201585^^^4500</controlfield>
<controlfield tag="005">20071001</controlfield>
<controlfield tag="008">^^^^^^^2007^^^^^^^^^^^^^^^^^^^^^^^^Eng^^^</controlfield>
<datafield tag="022" ind1=" " ind2=" ">
<subfield code="a">0736-9735</subfield>
<subfield code="b">Print</subfield>
</datafield>
<datafield tag="022" ind1=" " ind2=" ">
<subfield code="a">1939-1331</subfield>
<subfield code="b">Electronic</subfield>
</datafield>
<datafield tag="047" ind1=" " ind2=" ">
<subfield code="a">Oct, 2007</subfield>
</datafield>
<datafield tag="072" ind1=" " ind2=" ">
<subfield code="a">Psychoanalytic Theory</subfield>
<subfield code="b">3143</subfield>
</datafield>
<datafield tag="100" ind1="1" ind2="0">
<subfield code="a">Cogan, Rosemary</subfield>
</datafield>
<datafield tag="269" ind1=" " ind2=" ">
<subfield code="a"></subfield>
<subfield code="b">Lawrence Erlbaum Associates, Inc.</subfield>
</datafield>
<datafield tag="271" ind1=" " ind2=" ">
<subfield code="a">Cogan, Rosemary</subfield>
<subfield code="b">Department of Psychology, Texas Tech University, Lubbock, TX, US, 79409-2051</subfield>
<subfield code="c">r.cogan@ttu.edu</subfield>
</datafield>
<datafield tag="YR " ind1=" " ind2=" ">
<subfield code="a">2007</subfield>
</datafield>
<datafield tag="650" ind1=" " ind2="4">
<subfield code="a">Human</subfield>
<subfield code="b">10</subfield>
</datafield>
<datafield tag="650" ind1=" " ind2="4">
<subfield code="a">Female</subfield>
<subfield code="b">40</subfield>
</datafield>
<datafield tag="651" ind1=" " ind2=" ">
<subfield code="a">US</subfield>
</datafield>
<datafield tag="653" ind1=" " ind2=" ">
<subfield code="a">histrionic</subfield>
<subfield code="a">hysteria</subfield>
<subfield code="a">obsessive</subfield>
<subfield code="a">sexuality</subfield>
<subfield code="a">sexual fantasies</subfield>
<subfield code="a">Freud</subfield>
</datafield>
<datafield tag="654" ind1=" " ind2=" ">
<subfield code="a">Hysteria</subfield>
<subfield code="a">Psychosexual Behavior</subfield>
<subfield code="a">Sexual Fantasy</subfield>
<subfield code="a">Sexuality</subfield>
</datafield>
<datafield tag="654" ind1=" " ind2=" ">
<subfield code="b">Freud (Sigmund)</subfield>
<subfield code="b">Histrionic Personality Disorder</subfield>
<subfield code="b">Obsessive Compulsive Personality Disorder</subfield>
</datafield>
<datafield tag="655" ind1=" " ind2=" ">
<subfield code="a">Journal</subfield>
<subfield code="a">Peer Reviewed Journal</subfield>
</datafield>
<datafield tag="656" ind1=" " ind2=" ">
<subfield code="a">Journal Article</subfield>
</datafield>
<datafield tag="700" ind1="1" ind2="0">
<subfield code="a">Cogan, Rosemary</subfield>
<subfield code="c">r.cogan@ttu.edu</subfield>
<subfield code="d">Department of Psychology, Texas Tech University</subfield>
</datafield>
<datafield tag="700" ind1="1" ind2="0">
<subfield code="a">Cochran, Bradley S.</subfield>
<subfield code="d">Department of Psychology, Texas Tech University</subfield>
</datafield>
<datafield tag="700" ind1="1" ind2="0">
<subfield code="a">Velarde, Luis C.</subfield>
<subfield code="d">Department of Psychology, Texas Tech University</subfield>
</datafield>
<datafield tag="700" ind1="1" ind2="0">
<subfield code="a">Calkins, Heather B.</subfield>
<subfield code="d">Department of Psychology, Texas Tech University</subfield>
</datafield>
<datafield tag="700" ind1="1" ind2="0">
<subfield code="a">Chenault, Natalie E.</subfield>
<subfield code="d">Department of Psychology, Texas Tech University</subfield>
</datafield>
<datafield tag="700" ind1="1" ind2="0">
<subfield code="a">Cody, Dana L.</subfield>
<subfield code="d">Department of Psychology, Texas Tech University</subfield>
</datafield>
<datafield tag="700" ind1="1" ind2="0">
<subfield code="a">Kelley, Matthew D.</subfield>
<subfield code="d">Department of Psychology, Texas Tech University</subfield>
</datafield>
<datafield tag="700" ind1="1" ind2="0">
<subfield code="a">Kubicek, Steven J.</subfield>
<subfield code="d">Department of Psychology, Texas Tech University</subfield>
</datafield>
<datafield tag="700" ind1="1" ind2="0">
<subfield code="a">Loving, Adam R.</subfield>
<subfield code="d">Department of Psychology, Texas Tech University</subfield>
</datafield>
<datafield tag="700" ind1="1" ind2="0">
<subfield code="a">Noriega, Jose P.</subfield>
<subfield code="d">Department of Psychology, Texas Tech University</subfield>
</datafield>
<datafield tag="700" ind1="1" ind2="0">
<subfield code="a">Phelan, Kathleen A.</subfield>
<subfield code="d">Department of Psychology, Texas Tech University</subfield>
</datafield>
<datafield tag="700" ind1="1" ind2="0">
<subfield code="a">Seigle, Sarah C.</subfield>
<subfield code="d">Department of Psychology, Texas Tech University</subfield>
</datafield>
<datafield tag="700" ind1="1" ind2="0">
<subfield code="a">Stout, Troy I.</subfield>
<subfield code="d">Department of Psychology, Texas Tech University</subfield>
</datafield>
<datafield tag="700" ind1="1" ind2="0">
<subfield code="a">Styles, Jared W.</subfield>
<subfield code="d">Department of Psychology, Texas Tech University</subfield>
</datafield>
<datafield tag="700" ind1="1" ind2="0">
<subfield code="a">Williams, Henry A.</subfield>
<subfield code="d">Department of Psychology, Texas Tech University</subfield>
</datafield>
<datafield tag="TIT" ind1="L" ind2=" ">
<subfield code="a">Psychoanalytic Psychology</subfield>
</datafield>
<datafield tag="945" ind1=" " ind2=" ">
<subfield code="m">24</subfield>
<subfield code="n">4</subfield>
<subfield code="d">2007</subfield>
<subfield code="p">697</subfield>
</datafield>
<datafield tag="856" ind1=" " ind2=" ">
<subfield code="i">TEXT*</subfield>
</datafield>
<datafield tag="856" ind1=" " ind2=" ">
<subfield code="a">PDF Available</subfield>
<subfield code="u">http://content.ebscohost.com/ContentServer.asp?T=P&amp;P=AN&amp;K=pap-24-4-697&amp;EbscoContent=dGJyMNLr40SeprQ4zdnyOLCmrlGep7ZSrqa4TLOWxWXS&amp;ContentCustomer=dGJyMPGut1CyqbVOuePfgeyx%2BEu3q64A&amp;D=pdh</subfield>
</datafield>
<datafield tag="SID" ind1=" " ind2=" ">
<subfield code="a">Z39</subfield>
<subfield code="b">EBSCO_PDH</subfield>
<subfield code="d">CAL04867</subfield>
<subfield code="i">629705</subfield>
<subfield code="j">000001</subfield>
<subfield code="s">059908</subfield>
<subfield code="t">PsycARTICLES (EBSCO)</subfield>
</datafield>
<controlfield tag="RAN">054</controlfield>
<datafield tag="PAG" ind1="E" ind2="S">
<subfield code="a">697-700</subfield>
</datafield>
<datafield tag="773" ind1=" " ind2=" ">
<subfield code="g">Psychoanalytic Psychology</subfield>
<subfield code="g">Oct, 2007</subfield>
<subfield code="g">Vol 24(4)</subfield>
<subfield code="g">697-700</subfield>
</datafield>
<datafield tag="VOL" ind1=" " ind2=" ">
<subfield code="a">24</subfield>
</datafield>
<datafield tag="ISS" ind1="U" ind2=" ">
<subfield code="a">4</subfield>
</datafield>
<controlfield tag="SET">059908</controlfield>
<controlfield tag="SYS">024235260</controlfield>
<openURL>
<ctx:context-objects xmlns:ctx="info:ofi/fmt:xml:xsd:ctx" xmlns:xsi="http://www.w3.org/2001/XMLSchema-instance" xsi:schemaLocation="info:ofi/fmt:xml:xsd:ctx http://www.openurl.info/registry/docs/info:ofi/fmt:xml:xsd:ctx">
<ctx:context-object timestamp="2004-01-16T12:13:00Z" version="Z39.88-2004" identifier="123">
<ctx:referent>
<ctx:metadata-by-val>
<ctx:format>info:ofi/fmt:xml:xsd</ctx:format>
<ctx:metadata>
<rft:journal xmlns:rft="info:ofi/fmt:xml:xsd:journal" xsi:schemaLocation="info:ofi/fmt:xml:xsd:journal http://www.openurl.info/registry/docs/info:ofi/fmt:xml:xsd:journal">
<rft:author rank="1">
<rft:aulast>Cogan</rft:aulast>
<rft:aufirst> Rosemary</rft:aufirst>
<rft:auinit></rft:auinit>
</rft:author>
<rft:atitle>Sexual fantasies, sexual functioning, and hysteria among women: A test of Freud's (1905) hypothesis.</rft:atitle>
<rft:jtitle>Psychoanalytic Psychology</rft:jtitle>
<rft:date>2007</rft:date>
<rft:volume>24</rft:volume>
<rft:issue>4</rft:issue>
<rft:spage>697</rft:spage>
<rft:epage>700</rft:epage>
<rft:genre></rft:genre>
<rft:issn>0736-9735</rft:issn>
<ctx:identifier>info:doi/10.1037/0736-9735.24.4.697</ctx:identifier>
<rft:sici></rft:sici>
<rft:opid></rft:opid>
</rft:journal>
</ctx:metadata>
</ctx:metadata-by-val>
<ctx:metadata-by-ref>
<ctx:format></ctx:format>
<ctx:location>http://metalib.calstate.edu:8331/X?OP=sfx-get-doc&amp;doc-number=024235260</ctx:location>
</ctx:metadata-by-ref>
</ctx:referent>
<ctx:referrer>
<ctx:identifier>info:sid/metalib.com:EBSCO_PDH</ctx:identifier>
</ctx:referrer>
</ctx:context-object>
</ctx:context-objects>
</openURL>
</record>
<session_id new_session="N">VTVSVR2I3QSMR5MRJXJ4XKHY34XHKGDRMSXLUCJU737ECXDYBB</session_id>
</present_response>
</x_server_response>
 